@inproceedings{siegmund2012predicting,
author={N. Siegmund and S. S. Kolesnikov and C. K\"astner and S. Apel and D. Batory and M. Rosenm{\"u}ller and G. Saake}, 
booktitle={Proc. of International Conference on Software Engineering (ICSE)}, 
title={Predicting Performance via Automated Feature-Interaction Detection}, 
year={2012}, 
pages={167-177}, 
keywords={configuration management;automated performance-relevant feature interaction detection;configuration techniques;customizable programs;feature selection;program families;program performance prediction;user-selectable features;Accuracy;Educational institutions;Encryption;Feature extraction;Generators;Indexes}, 
organization={IEEE}}


@inproceedings{guo2013variability,
author={J. Guo and K. Czarnecki and S. Apel and N. Siegmund and A. Wasowski}, 
booktitle={Proc. of International Conference on Automated Software Engineering (ASE)}, 
title={Variability-Aware Performance Prediction: A Statistical Learning Approach}, 
year={2013}, 
pages={301-311}, 
keywords={configuration management;learning (artificial intelligence);software performance evaluation;statistical analysis;configurable software systems;program variants;statistical learning;variability-aware performance prediction;Accuracy;Correlation;Feature extraction;Measurement;Predictive models;Silicon;Software systems}, 
organization={IEEE}} 

@article{zhu2017optimized,
  title={Optimized Cost per Click in Taobao Display Advertising},
  author={Zhu, Han and Jin, Junqi and Tan, Chang and Pan, Fei and Zeng, Yifan and Li, Han and Gai, Kun},
  journal={arXiv preprint},
  year={2017}
}

@article{wang2016bayesian,
  title={Bayesian optimization in a billion dimensions via random embeddings},
  author={Wang, Ziyu and Hutter, Frank and Zoghi, Masrour and Matheson, David and de Feitas, Nando},
  journal={Journal of Artificial Intelligence Research},
  year={2016}
}

@inproceedings{alipourfard2017cherrypick,
  title={CherryPick: Adaptively Unearthing the Best Cloud Configurations for Big Data Analytics.},
  author={Alipourfard, Omid and Liu, Hongqiang Harry and Chen, Jianshu and Venkataraman, Shivaram and Yu, Minlan and Zhang, Ming},
  booktitle={Symposium on Networked Systems Design and Implementation},
  year={2017}
}

@inproceedings{snoek2012practical,
  title={Practical bayesian optimization of machine learning algorithms},
  author={Snoek, Jasper and Larochelle, Hugo and Adams, Ryan P},
  booktitle={Advances in neural information processing systems},
  pages={2951--2959},
  year={2012}
}

@inproceedings{wang2013searching,
  title={Searching for better configurations: a rigorous approach to clone evaluation},
  author={Wang, Tiantian and Harman, Mark and Jia, Yue and Krinke, Jens},
  booktitle={Foundations of Software Engineering},
  year={2013}
}

@inproceedings{herodotou2011starfish,
  title={Starfish: A Self-tuning System for Big Data Analytics.},
  author={Herodotou, Herodotos and Lim, Harold and Luo, Gang and Borisov, Nedyalko and Dong, Liang and Cetin, Fatma Bilgen and Babu, Shivnath},
  booktitle={Conference on Innovative Data Systems Research},
  year={2011}
}

@inproceedings{van2017automatic,
  title={Automatic Database Management System Tuning Through Large-scale Machine Learning},
  author={Van Aken, Dana and Pavlo, Andrew and Gordon, Geoffrey J and Zhang, Bohan},
  booktitle={International Conference on Management of Data},
  year={2017},
  organization={ACM}
}

@inproceedings{sarkar2015cost,
  author={A. Sarkar and J. Guo and N. Siegmund and S. Apel and K. Czarnecki}, 
booktitle={Proc. of International Conference on Automated Software Engineering (ASE)}, 
title={Cost-Efficient Sampling for Performance Prediction of Configurable Systems (T)}, 
year={2015}, 
pages={342-352}, 
keywords={sampling methods;software maintenance;software performance evaluation;configurable system development;configurable system maintenance;feature combinatorics;feature frequencies;measurement effort;performance prediction accuracy;sampling cost;sampling strategies;Buildings;Electronic mail;Mathematical model;Measurement;Predictive models;Testing;Training;configurable systems;performance prediction;sampling}, 
organization={IEEE}}

@article{chen2016sampling,
  title={Is Sampling better than Evolution for Search-based Software Engineering?},
  author={J. Chen and V. Nair and R. Krishna and T. Menzies},
  journal={arXiv},
  year={2016},
}

@inproceedings{henard2015combining,
author={C. Henard and M. Papadakis and M. Harman and Y. Le Traon}, booktitle={Proc. of International Conference on Software Engineering (ICSE)}, 
title={Combining Multi-Objective Search and Constraint Solving for Configuring Large Software Product Lines}, 
year={2015},
pages={517-528}, 
keywords={configuration management;optimisation;search problems;software metrics;software product lines;SATIBEA framework;SPL feature selection;constraint solving;diversity metrics;multiobjective search-based optimization;software product lines configuration;Filtering algorithms;Frequency modulation;Measurement;Optimization;Search problems;Software;Software product lines}, 
organization={IEEE}}

@inproceedings{jamshidi2016uncertainty,
author={P. Jamshidi and G. Casale}, 
booktitle={Proc. of International Symposium on Modeling, Analysis and Simulation of Computer and Telecommunication Systems (MASCOTS)}, 
title={An Uncertainty-Aware Approach to Optimal Configuration of Stream Processing Systems}, 
year={2016}, 
pages={39-48}, 
keywords={Bayes methods;iterative methods;optimisation;parallel processing;tuning;Apache Storm;BO4CO;Bayesian Optimization for Configuration Optimization;GP;Gaussian processes;SPS;auto-tuning algorithm;optimal configuration;posterior distribution iterative capturing;stream processing systems;tuning methods;uncertainty-aware approach;Bayes methods;Benchmark testing;Optimization;Radiation detectors;Response surface methodology;Topology;Tuning;Auto-tuning;Bayesian Optimization;Big Data;DevOps;Machine Learning;Performance Tuning;Software Performance Engineering;Software Variability;Stream Processing System}, 
organization={IEEE}}

@article{fu2016tuning,
    title = "Tuning for Software Analytics: Is It Really Necessary?",
    journal = "Information and Software Technology (IST)",
    volume = "76",
    pages = "135 - 146",
    year = "2016",
    note = "",
  publisher={Elsevier},
    author = "W. Fu and T. Menzies and X. Shen",
    keywords = "Defect prediction",
    keywords = "CART",
    keywords = "Random forest",
    keywords = "Differential evolution",
    keywords = "Search-based software engineering"
}


@inproceedings{tantithamthavorn2016automated,
author={C. Tantithamthavorn and S. McIntosh and A. E. Hassan and K. Matsumoto}, 
booktitle={Proc. of International Conference on Software Engineering (ICSE)}, 
title={Automated Parameter Optimization of Classification Techniques for Defect Prediction Models}, 
year={2016}, 
pages={321-332}, 
keywords={pattern classification;public domain software;software fault tolerance;software quality;Caret technique;Caret-optimized classifiers;classification techniques;configurable parameters;defect prediction models;open source domain;parameter optimization;proprietary domain;Boosting;Decision trees;Kernel;Optimization;Predictive models;Vegetation;classification techniques;experimental design;parameter optimization;software defect prediction}, 
organization={IEEE}}

@article{nair2017faster,
  title={Faster Discovery of Faster System Configurations with Spectral Learning},
  author={V. Nair and T. Menzies and N. Siegmund and S. Apel},
  journal={arXiv},
  year={2017}
}

@article{krall2015gale,
author={J. Krall and T. Menzies and M. Davies}, 
journal={IEEE Transactions on Software Engineering (TSE)}, 
title={GALE: Geometric Active Learning for Search-Based Software Engineering}, 
year={2015}, 
volume={41}, 
publisher={IEEE},
pages={1001-1018}, 
keywords={Pareto optimisation;approximation theory;computational complexity;evolutionary computation;learning (artificial intelligence);software engineering;GALE;Pareto frontier;geometric active learning;multiobjective evolutionary algorithm;near-linear time MOEA;piecewise approximation;search-based software engineering;Approximation methods;Biological system modeling;Computational modeling;Optimization;Sociology;Software;Standards;Active Learning;Multi-objective optimization;Search based software engineering;active learning;search based software engineering}, 
}

@inproceedings{xu2015hey,
 author = {T. Xu and L. Jin and X. Fan and Y. Zhou and S. Pasupathy and R. Talwadker},
 title = {Hey, You Have Given Me Too Many Knobs!: Understanding and Dealing with Over-designed Configuration in System Software},
 booktitle = {Proc. of Joint Meeting on Foundations of Software Engineering (ESEC/FSE)},
 year = {2015},
 location = {Bergamo, Italy},
 pages = {307--319},
 publisher = {ACM},
 keywords = {Complexity, Configuration, Difficulty, Error, Navigation, Parameter, Simplification},
  organization={ACM}
} 

@inproceedings{sayyad2013scalable,
author={A. S. Sayyad and J. Ingram and T. Menzies and H. Ammar}, 
booktitle={Proc. of International Conference on Automated Software Engineering (ASE)}, 
title={Scalable Product Line Configuration: A Straw to Break the Camel's Back}, 
year={2013}, 
pages={465-474}, 
organization={IEEE}}

@article{weiss2008maximizing,
author="G. M. Weiss and Y. Tian",
title="Maximizing Classifier Utility when there are Data Acquisition and Modeling Costs",
journal="Journal of Data Mining and Knowledge Discovery",
year="2008",
publisher={Springer},
pages="253--282",
}



@article{myrtveit2012validity,

author="I. Myrtveit and E. Stensrud",
title="Validity and Reliability of Evaluation Procedures in Comparative Studies of Effort Prediction Models",
publisher={Springer},
journal="Empirical Software Engineering (ESE)",
year="2012",
volume="17",
pages="23--33",
}



@article{myrtveit2005reliability,
author={I. Myrtveit and E. Stensrud and M. Shepperd}, 
journal={IEEE Transactions on Software Engineering (TSE)}, 
title={Reliability and Validity in Comparative Studies of Software Prediction Models}, 
year={2005}, 
volume={31}, 
pages={380-391}, 
publisher={IEEE}}

@article{foss2003simulation,
author={T. Foss and E. Stensrud and B. Kitchenham and I. Myrtveit}, 
journal={IEEE Transactions on Software Engineering (TSE)}, 
title={A Simulation Study of the Model Evaluation Criterion MMRE}, year={2003}, 
volume={29},
pages={985-995}, 
publisher={IEEE}}



@article{kloke2012rfit,
  title={Rfit: Rank-based Estimation for Linear Models},
  author={J.D. Kloke and J. W. McKean},
  journal={The R Journal},
  volume={4},
  pages={57--64},
  year={2012}
}

@inproceedings{rosset2005ranking,
author={S. Rosset and C. Perlich and B. Zadrozny}, 
booktitle={Proc. of International Conference on Data Mining (ICDM)}, 
title={Ranking-based Evaluation of Regression Models}, 
year={2005},  
organization={IEEE}}

@inproceedings{venkataraman2016ernest,
author = {S. Venkataraman and Z. Yang and M. Franklin and B. Recht and I. Stoica},
title = {Ernest: Efficient Performance Prediction for Large-Scale Advanced Analytics},
booktitle = {Proc. of Symposium on Networked Systems Design and Implementation (NSDI 16)},
year = {2016},
pages = {363--378},
publisher = {USENIX Association},
}

@article{lim2010generalizing,
author={D. Lim and Y. Jin and Y. S. Ong and B. Sendhoff}, 
journal={IEEE Transactions on Evolutionary Computation}, 
title={Generalizing Surrogate-Assisted Evolutionary Computation}, 
year={2010}, 
volume={14}, 
pages={329-355}, 
organization={IEEE}}


@book{efron93,
author = {B. Efron and R. J. Tibshirani},
publisher = {CRC},
title = {{An Introduction to the Bootstrap}},
year = {1993}
}



@inproceedings{mittas13,
author={N. Mittas and L. Angelis}, 
journal={IEEE Transactions on Software Engineering (TSE)}, 
title={Ranking and Clustering Software Cost Estimation Models through a Multiple Comparisons Algorithm}, 
year={2013}, 
volume={39}, 
pages={537-551}, 
organization={IEEE}}

@inproceedings{Vargha00,
author = {A. Vargha and H. D. Delaney},
title = {A Critique and Improvement of the CL Common Language Effect Size Statistics of McGraw and Wong},
journal = {Journal of Educational and Behavioral Statistics},
volume = {25},
pages = {101-132},
year = {2000},
publisher={Sage Publications}
}




@inproceedings{7194626, 
author={B. Ghotra and S. McIntosh and A. E. Hassan}, 
booktitle={Proc. of International Conference on Software Engineering (ICSE)}, 
title={Revisiting the Impact of Classification Techniques on the Performance of Defect Prediction Models}, 
year={2015},
pages={789-800}, 
organization={IEEE}}

@article{scikit-learn,
  title={Scikit-learn: Machine Learning in Python},
  author={F. Pedregosa and G. Varoquaux and A. Gramfort and V. Michel and B. Thirion and O. Grisel and M. Blondel and P. Prettenhofer and R. Weiss and V. Dubourg and others},
  journal={Journal of Machine Learning Research},
  volume={12},
  pages={2825--2830},
  year={2011}
}


@inproceedings{SSA15, 
author={J. Siegmund and N. Siegmund and S. Apel}, 
booktitle={Proc. of International Conference on Software Engineering (ICSE)}, 
title={Views on Internal and External Validity in Empirical Software Engineering}, 
year={2015}, 
pages={9-19}, 
organization={IEEE}}

@article{me12d,
author={T. Menzies and A. Butcher and D. Cok and A. Marcus and L. Layman and F. Shull and B. Turhan and T. Zimmermann}, 
journal={IEEE Transactions on Software Engineering (TSE)}, 
title={Local versus Global Lessons for Defect Prediction and Effort Estimation}, 
year={2013}, 
volume={39}, 
pages={822-834}, 
organization={IEEE}}

