% Encoding: UTF-8


@article{barroso2013datacenter,
  title={The datacenter as a computer: An introduction to the design of warehouse-scale machines},
  author={Barroso, Luiz Andr{\'e} and Clidaras, Jimmy and H{\"o}lzle, Urs},
  journal={Synthesis lectures on computer architecture},
  volume={8},
  number={3},
  pages={1--154},
  year={2013},
  publisher={Morgan \& Claypool Publishers}
}


@article{rabkin2013hadoop,
  title={How Hadoop clusters break},
  author={Rabkin, Ariel and Katz, Randy H},
  journal={Software, IEEE},
  volume={30},
  number={4},
  pages={88--94},
  year={2013},
  publisher={IEEE}
}

@article{jin2001comparative,
  title={Comparative studies of metamodelling techniques under multiple modelling criteria},
  author={Jin, Ruichen and Chen, Wei and Simpson, Timothy W},
  journal={Structural and Multidisciplinary Optimization},
  volume={23},
  number={1},
  pages={1--13},
  year={2001},
  publisher={Springer}
}

@article{helton2006survey,
  title={Survey of sampling-based methods for uncertainty and sensitivity analysis},
  author={Helton, Jon C and Johnson, Jay Dean and Sallaberry, Cedric J and Storlie, Curt B},
  journal={Reliability Engineering \& System Safety},
  volume={91},
  number={10},
  pages={1175--1209},
  year={2006},
  publisher={Elsevier}
}

@article{smola2004tutorial,
  title={A tutorial on support vector regression},
  author={Smola, Alex J and Sch{\"o}lkopf, Bernhard},
  journal={Statistics and computing},
  volume={14},
  number={3},
  pages={199--222},
  year={2004},
  publisher={Springer}
}

@book{hagan1996neural,
  title={Neural network design},
  author={Hagan, Martin T and Demuth, Howard B and Beale, Mark H and De Jes{\'u}s, Orlando},
  volume={20},
  year={1996},
  publisher={PWS publishing company Boston}
}

@article{friedman1991multivariate,
  title={Multivariate adaptive regression splines},
  author={Friedman, Jerome H},
  journal={The annals of statistics},
  pages={1--67},
  year={1991},
  publisher={JSTOR}
}

@article{buhmann2004radial,
  title={Radial basis functions: theory and implementations},
  author={Buhmann, Martin D},
  journal={Cambridge monographs on applied and computational mathematics},
  volume={12},
  pages={147--165},
  year={2004}
}

@article{kleijnen2009kriging,
  title={Kriging metamodeling in simulation: A review},
  author={Kleijnen, Jack PC},
  journal={European Journal of Operational Research},
  volume={192},
  number={3},
  pages={707--716},
  year={2009},
  publisher={Elsevier}
}

@article{madsen2000response,
  title={Response surface techniques for diffuser shape optimization},
  author={Madsen, Jens I and Shyy, Wei and Haftka, Raphael T},
  journal={AIAA journal},
  volume={38},
  number={9},
  pages={1512--1518},
  year={2000}
}


@incollection{naskos2016cloud,
  title={Cloud Elasticity: A Survey},
  author={Naskos, Athanasios and Gounaris, Anastasios and Sioutas, Spyros},
  booktitle={Algorithmic Aspects of Cloud Computing},
  pages={151--167},
  year={2016},
  publisher={Springer}
}


@inproceedings{rabkin2011static,
  title={Static extraction of program configuration options},
  author={Rabkin, Ariel and Katz, Randy},
  booktitle={Software Engineering (ICSE), 2011 33rd International Conference on},
  pages={131--140},
  year={2011},
  organization={IEEE}
}

@inproceedings{yin2011empirical,
  title={An empirical study on configuration errors in commercial and open source systems},
  author={Yin, Zuoning and Ma, Xiao and Zheng, Jing and Zhou, Yuanyuan and Bairavasundaram, Lakshmi N and Pasupathy, Shankar},
  booktitle={Proceedings of the Twenty-Third ACM Symposium on Operating Systems Principles},
  pages={159--172},
  year={2011},
  organization={ACM}
}

@inproceedings{xu2013not,
  title={Do not blame users for misconfigurations},
  author={Xu, Tianyin and Zhang, Jiaqi and Huang, Peng and Zheng, Jing and Sheng, Tianwei and Yuan, Ding and Zhou, Yuanyuan and Pasupathy, Shankar},
  booktitle={Proceedings of the Twenty-Fourth ACM Symposium on Operating Systems Principles},
  pages={244--259},
  year={2013},
  organization={ACM}
}

@inproceedings{nadi2014mining,
  title={Mining configuration constraints: Static analyses and empirical results},
  author={Nadi, Sarah and Berger, Thorsten and K{\"a}stner, Christian and Czarnecki, Krzysztof},
  booktitle={Proceedings of the 36th International Conference on Software Engineering},
  pages={140--151},
  year={2014},
  organization={ACM}
}

@inproceedings{kiciman2004discovering,
  title={Discovering correctness constraints for self-management of system configuration},
  author={Kiciman, Emre and Wang, Yi-Min},
  booktitle={Autonomic Computing, 2004. Proceedings. International Conference on},
  pages={28--35},
  year={2004},
  organization={IEEE}
}

@article{harman2012search,
  title={Search-based software engineering: Trends, techniques and applications},
  author={Harman, Mark and Mansouri, S Afshin and Zhang, Yuanyuan},
  journal={ACM Computing Surveys (CSUR)},
  volume={45},
  number={1},
  pages={11},
  year={2012},
  publisher={ACM}
}

@inproceedings{zuluaga2013active,
  title={Active learning for multi-objective optimization},
  author={Zuluaga, Marcela and Sergent, Guillaume and Krause, Andreas and P{\"u}schel, Markus},
  booktitle={Proceedings of the 30th International Conference on Machine Learning},
  pages={462--470},
  year={2013}
}

@misc{brodkin2012,
  title = {Why Gmail Went Down: Google Misconfigured Load Balancing Servers},
  howpublished = {\url{http://arstechnica.com/information-technology/2012/12/why-gmail-went-down-google-misconfigured-chromes-sync-server/}},
  note = {Accessed: 2016-03-25}
}

@misc{miller2012,
  title = {Microsoft: Misconfigured Network Device Caused Azure Outage.},
  howpublished = {\url{http://www.datacenterknowledge.com/archives/2012/07/28/microsoft-misconfigured-network-device-caused-azure-outage/}},
  note = {Accessed: 2016-03-25}
}

@inproceedings{koziolek2011peropteryx,
  title={Peropteryx: automated application of tactics in multi-objective software architecture optimization},
  author={Koziolek, Anne and Koziolek, Heiko and Reussner, Ralf},
  booktitle={Proceedings of the joint ACM SIGSOFT conference--QoSA and ACM SIGSOFT symposium--ISARCS on Quality of software architectures--QoSA and architecting critical systems--ISARCS},
  pages={33--42},
  year={2011},
  organization={ACM}
}

@misc{liang2013,
  title = {Linkedin.com inaccessible on Thursday because of server misconfiguration},
  howpublished = {\url{http://www.straitstimes.com/singapore/linkedincom-inaccessible-on-thursday-because-of-server-misconfiguration}},
  note = {Accessed: 2016-03-25}
}

@misc{welsh2013,
  title = {What I wish systems researchers would work on.},
  howpublished = {\url{http://mattwelsh.blogspot.com/2013/05/what-i-wish-systems-researchers-would.html}},
  note = {Accessed: 2016-03-25}
}

@article{chong2007architecture,
  title={Architecture strategies for catching the long tail. 2006},
  author={Chong, Frederick and Carraro, Gianpaolo},
  journal={URL: http://msdn. microsoft. com/en-us/library/aa479069. aspx},
  year={2007}
}

@inproceedings{bennett2000service,
  title={Service-based software: the future for flexible software},
  author={Bennett, Keith and Layzell, Paul and Budgen, David and Brereton, Pearl and Macaulay, Linda and Munro, Malcolm},
  booktitle={Software Engineering Conference, 2000. APSEC 2000. Proceedings. Seventh Asia-Pacific},
  pages={214--221},
  year={2000},
  organization={IEEE}
}

@inproceedings{schroeter2012towards,
  title={Towards modeling a variable architecture for multi-tenant SaaS-applications},
  author={Schroeter, Julia and Cech, Sebastian and G{\"o}tz, Sebastian and Wilke, Claas and A{\ss}mann, Uwe},
  booktitle={Proceedings of the sixth international workshop on variability modeling of software-intensive systems},
  pages={111--120},
  year={2012},
  organization={ACM}
}

@inproceedings{ruehl2011applying,
  title={Applying software product lines to create customizable software-as-a-service applications},
  author={Ruehl, Stefan T and Andelfinger, Urs},
  booktitle={Proceedings of the 15th International Software Product Line Conference, Volume 2},
  pages={16},
  year={2011},
  organization={ACM}
}


@article{reiser2007multi,
  title={Multi-level feature trees},
  author={Reiser, Mark-Oliver and Weber, Matthias},
  journal={Requirements Engineering},
  volume={12},
  number={2},
  pages={57--75},
  year={2007},
  publisher={Springer}
}

@misc{wilkes2011,
  title = {Omega: Cluster management at Google},
  howpublished = {\url{https://www.youtube.com/watch?feature=player_detailpage&v=0ZFMlO98Jkct=1674s}},
  note = {Accessed: 2016-03-25}
}

@misc{thomasthanks,
  title={Thanks, Amazon: The Cloud Crash Reveals Your Importance. 2002},
  author={Thomas, K}
}

@misc{neha2016,
title={A Power-aware Cost Model for HPC Procurement, 2016},
author = {Neha Golkar}
}


@inproceedings{gunawi2014bugs,
  title={What bugs live in the cloud? a study of 3000+ issues in cloud systems},
  author={Gunawi, Haryadi S and Hao, Mingzhe and Leesatapornwongsa, Tanakorn and Patana-anake, Tiratat and Do, Thanh and Adityatama, Jeffry and Eliazar, Kurnia J and Laksono, Agung and Lukman, Jeffrey F and Martin, Vincentius and others},
  booktitle={Proceedings of the ACM Symposium on Cloud Computing},
  pages={1--14},
  year={2014},
  organization={ACM}
}


@inproceedings{oppenheimer2003internet,
  title={Why do Internet services fail, and what can be done about it?},
  author={Oppenheimer, David and Ganapathi, Archana and Patterson, David A},
  booktitle={USENIX symposium on internet technologies and systems},
  volume={67},
  year={2003},
  organization={Seattle, WA}
}


@inproceedings{jiang2009understanding,
  title={Understanding Customer Problem Troubleshooting from Storage System Logs.},
  author={Jiang, Weihang and Hu, Chongfeng and Pasupathy, Shankar and Kanevsky, Arkady and Li, Zhenmin and Zhou, Yuanyuan},
  booktitle={FAST},
  volume={9},
  pages={43--56},
  year={2009}
}

@inproceedings{sayyad13b,
  title={Scalable product line configuration: A straw to break the camel's back},
  author={Sayyad, Abdel Salam and Ingram, Joe and Menzies, Tim and Ammar, Hany},
  booktitle={IEEE/ACM 28th International Conference on Automated Software Engineering},
  pages={465--474},
  year={2013},
  organization={IEEE}
}



@article{boley98,
  title={Principal direction divisive partitioning},
  author={Boley, Daniel},
  journal={Data mining and knowledge discovery},
  volume={2},
  number={4},
  pages={325--344},
  year={1998},
  publisher={Springer}
}

@book{breiman1984,
  title={Classification and regression trees},
  author={Breiman, Leo and Friedman, Jerome and Stone, Charles J and Olshen, Richard A},
  year={1984},
  publisher={CRC press}
}
	
@article{deb00afast,
  title={A fast and elitist multiobjective genetic algorithm: {NSGA-II}},
  author={Deb, Kalyanmoy and Pratap, Amrit and Agarwal, Sameer and Meyarivan, T},
  journal={IEEE Transactions on Evolutionary Computation},
  volume={6},
  number={2},
  pages={182--197},
  year={2002},
  publisher={IEEE}
}


@article{Du2008,
  title={Low-complexity principal component analysis for hyperspectral image compression},
  author={Du, Qian and Fowler, James E},
  journal={International Journal of High Performance Computing Applications},
  volume={22},
  number={4},
  pages={438--448},
  year={2008},
  publisher={SAGE Publications}
}

@inproceedings{Faloutsos1995,
  title={FastMap: A fast algorithm for indexing, data-mining and visualization of traditional and multimedia datasets},
  author={Faloutsos, Christos and Lin, King-Ip},
  volume={24},
  number={2},
  year={1995},
  publisher={ACM}
}


@book{fletcher13,
  title={Practical methods of optimization},
  author={Fletcher, Roger},
  year={2013},
  publisher={John Wiley \& Sons}
}

@inproceedings{guo2013variability,
  title={Variability-aware performance prediction: A statistical learning approach},
  author={Guo, Jianmei and Czarnecki, Krzysztof and Apel, Sven and Siegmund, Norbert and Wasowski, Andrzej},
  booktitle={IEEE/ACM 28th International Conference on Automated Software Engineering},
  pages={301--311},
  year={2013},
  organization={IEEE}
}


@inproceedings{hamerly2010making,
  title={Making k-means Even Faster.},
  author={Hamerly, Greg},
  organization={Society for Industrial and Applied Mathematics}
}

@article{harman12,
  title={Search-based software engineering: Trends, techniques and applications},
  author={Harman, Mark and Mansouri, S Afshin and Zhang, Yuanyuan},
  journal={ACM Computing Surveys},
  volume={45},
  number={1},
  pages={11},
  year={2012},
  publisher={ACM}
}



@article{ilin10,
  title={Practical approaches to principal component analysis in the presence of missing values},
  author={Ilin, Alexander and Raiko, Tapani},
  journal={The Journal of Machine Learning Research},
  volume={11},
  pages={1957--2000},
  year={2010},
  publisher={JMLR. org}
}

@inproceedings{kamvar2003spectral,
  title={Spectral learning},
  author={Kamvar, Kamvar and Sepandar, Sepandar and Klein, Klein and Dan, Dan and Manning, Manning and Christopher, Christopher},
  booktitle={International Joint Conference of Artificial Intelligence},
  year={2003},
  organization={Stanford InfoLab}
}


@article{krall2014gale,
  title={GALE: Geometric Active Learning for Search-Based Software Engineering},
  author={Krall, Joseph and Menzies, Tim and Davies, Misty},
  journal={IEEE Transactions on Software Engineering},
  volume={41},
  number={10},
  pages={1001--1018},
  year={2015},
  publisher={IEEE}
}
	
@book{Kuhn:2013,
  title={Introduction to combinatorial testing},
  author={Kuhn, D Richard and Kacker, Raghu N and Lei, Yu},
  year={2013},
  publisher={CRC press}
}

@PhdThesis{loshchilov13,
  title={Surrogate-assisted evolutionary algorithms},
  author={Loshchilov, Ilya Gennadyevich},
  year={2013},
  publisher={CiteseerX}
}

@article{me12d,
  title={Local versus global lessons for defect prediction and effort estimation},
  author={Menzies, Tim and Butcher, Andrew and Cok, David and Marcus, Andrian and Layman, Lucas and Shull, Forrest and Turhan, Burak and Zimmermann, Thomas},
  journal={IEEE Transactions on Software Engineering},
  volume={39},
  number={6},
  pages={822--834},
  year={2013},
  publisher={IEEE}
}


@INPROCEEDINGS{platt05,
title ={FastMap, {M}etricMap, and {L}andmark {MDS} are all Nystrom Algorithms},
pages = {261-268},
author = {John Platt},
booktitle = aistats05,
editor = {Robert G. Cowell and Zoubin Ghahramani},
year = {2005},
publisher = {Society for Artificial Intelligence and Statistics},
}

@inproceedings{SGA+15,
  title={Performance-influence models for highly configurable systems},
  author={Siegmund, Norbert and Grebhahn, Alexander and Apel, Sven and K{\"a}stner, Christian},
  booktitle={Proceedings of the 2015 10th Joint Meeting on Foundations of Software Engineering},
  pages={284--294},
  year={2015},
  organization={ACM}
}

@book{pukelsheim2006optimal,
  title={Optimal Design of Experiments},
  title={Optimal design of experiments},
  author={Pukelsheim, Friedrich},
  volume={50},
  year={1993},
  publisher={Society for Industrial and Applied Mathematics}
}

@inproceedings{sarkar2015cost,
  title={Cost-Efficient Sampling for Performance Prediction of Configurable Systems},
  author={Sarkar, Atri and Guo, Jianmei and Siegmund, Norbert and Apel, Sven and Czarnecki, Krzysztof},
  booktitle={30th IEEE/ACM International Conference on Automated Software Engineering},
  pages={342--352},
  year={2015},
  organization={IEEE}
}


@article{scikit-learn,
  title={Scikit-learn: Machine learning in Python},
  title={Scikit-learn: Machine learning in Python},
  author={Pedregosa, Fabian and Varoquaux, Ga{\"e}l and Gramfort, Alexandre and Michel, Vincent and Thirion, Bertrand and Grisel, Olivier and Blondel, Mathieu and Prettenhofer, Peter and Weiss, Ron and Dubourg, Vincent and others},
  journal={The Journal of Machine Learning Research},
  volume={12},
  pages={2825--2830},
  year={2011},
  publisher={JMLR. org}
}

@article{shi00,
  title={Normalized cuts and image segmentation},
  author={Shi, Jianbo and Malik, Jitendra},
  journal={IEEE Transactions on Pattern Analysis and Machine Intelligence},
  volume={22},
  number={8},
  pages={888--905},
  year={2000},
  publisher={IEEE}
}


@inproceedings{siegmund2012predicting,
  title={Predicting performance via automated feature-interaction detection},
  author={Siegmund, Norbert and Kolesnikov, Sergiy S and K{\"a}stner, Christian and Apel, Sven and Batory, Don and Rosenm{\"u}ller, Marko and Saake, Gunter},
  booktitle={Proceedings of the 34th International Conference on Software Engineering},
  pages={167--177},
  year={2012},
  organization={IEEE Press}
}

@inproceedings{SSA15, 
  title={Views on internal and external validity in empirical software engineering},
  author={Siegmund, Janet and Siegmund, Norbert and Apel, Sven},
  booktitle={Proceedings of the 37th International Conference on Software Engineering},  pages={9--19},
  year={2015},
  organization={IEEE}
}
 
@article{storn1997differential,
  title={Differential evolution--a simple and efficient heuristic for global optimization over continuous spaces},
  author={Storn, Rainer and Price, Kenneth},
  journal={Journal of global optimization},
  volume={11},
  number={4},
  pages={341--359},
  year={1997},
  publisher={Springer}
}

@inproceedings{theisen2015approximating,
  title={Approximating attack surfaces with stack traces},
  author={Theisen, Christopher and Herzig, Kim and Morrison, Patrick and Murphy, Brendan and Williams, Laurie},
  booktitle={Proceedings of the 37th International Conference on Software Engineering},  pages={199--208},
  year={2015},
  organization={IEEE Press}
}

@article{weiss2008maximizing,
  title={Maximizing classifier utility when there are data acquisition and modeling costs},
  author={Weiss, Gary M and Tian, Ye},
  journal={Data Mining and Knowledge Discovery},
  volume={17},
  number={2},
  pages={253--282},
  year={2008},
  publisher={Springer}
}


@inproceedings{xu2015hey,
  title={Hey, you have given me too many knobs!: {U}nderstanding and dealing with over-designed configuration in system software},
  author={Xu, Tianyin and Jin, Long and Fan, Xuepeng and Zhou, Yuanyuan and Pasupathy, Shankar and Talwadker, Rukma},
  booktitle={Proceedings of the 2015 10th Joint Meeting on Foundations of Software Engineering},
  pages={307--319},
  year={2015},
  organization={ACM}
}
	

@inproceedings{zhang2015performance,
  title={Performance Prediction of Configurable Software Systems by Fourier Learning },
  author={Zhang, Yi and Guo, Jianmei and Blais, Eric and Czarnecki, Krzysztof},
  booktitle={30th IEEE/ACM International Conference on Automated Software Engineering},
  pages={365--373},
  year={2015},
  organization={IEEE}
}

@article{tabatabaei2015survey,
  title={A survey on handling computationally expensive multiobjective optimization problems using surrogates: non-nature inspired methods},
  author={Tabatabaei, Mohammad and Hakanen, Jussi and Hartikainen, Markus and Miettinen, Kaisa and Sindhya, Karthik},
  journal={Structural and Multidisciplinary Optimization},
  volume={52},
  number={1},
  pages={1--25},
  year={2015},
  publisher={Springer}
}
